@online{imf,
  author = {International Monetary Fund},
  title = {What Are Economic Models?},
  url = {http://www.imf.org/external/pubs/ft/fandd/2011/06/basics.htm},
  urldate = {2015-06-17}
}
@online{flame,
  author = {STFC},
  title = {Flexible Large-scale Agent Modelling Environment},
  url = {http://www.flame.ac.uk},
  urldate = {2015-06-17}
}
@online{netlogo,
  author = {Uri Wilensky},
  title = {NetLogo},
  url = {http://https://ccl.northwestern.edu/netlogo/},
  urldate = {2015-06-17}
}
@article{estrella98,
  title={Predicting US recessions: Financial variables as leading indicators},
  author={Estrella, Arturo and Mishkin, Frederic S},
  journal={Review of Economics and Statistics},
  volume={80},
  number={1},
  pages={45--61},
  year={1998},
  publisher={MIT Press}
}
@article{farmer09,
  title={The economy needs agent-based modelling},
  author={Farmer, J Doyne and Foley, Duncan},
  journal={Nature},
  volume={460},
  number={7256},
  pages={685--686},
  year={2009},
  publisher={Nature Publishing Group}
}